@misc{richard2021meshtalk,
      title={MeshTalk: 3D Face Animation from Speech using Cross-Modality Disentanglement}, 
      author={Alexander Richard and Michael Zollhoefer and Yandong Wen and Fernando de la Torre and Yaser Sheikh},
      year={2021},
      eprint={2104.08223},
      archivePrefix={arXiv},
      primaryClass={cs.CV}
}

@misc{jang2017categorical,
      title={Categorical Reparameterization with Gumbel-Softmax}, 
      author={Eric Jang and Shixiang Gu and Ben Poole},
      year={2017},
      eprint={1611.01144},
      archivePrefix={arXiv},
      primaryClass={stat.ML}
}

@InProceedings{Cudeiro_2019_CVPR,
author = {Cudeiro, Daniel and Bolkart, Timo and Laidlaw, Cassidy and Ranjan, Anurag and Black, Michael J.},
title = {Capture, Learning, and Synthesis of 3D Speaking Styles},
booktitle = {Proceedings of the IEEE/CVF Conference on Computer Vision and Pattern Recognition (CVPR)},
month = {June},
year = {2019}
}